@article{gerg_2008,
	author = "Kunz; Wagner",
	title = "The GERG-2008 Wide-Range Equation of State for Natural Gases and Other Mixtures: An Expansion of GERG-2004",
	year = "2012"
}

@article{PengRobinson1975,
  title={A New Two-Constant Equation of State},
  author={Peng, D.Y and Robinson, D.B.},
  journal={Industrial and Engineering Chemical Fundamentals},
  volume={15},
  number={1},
  pages={59-64},
  year={1975}
}

@article{Soave1971,
  title={Equilibrium constants from a modified Redlich-Kwong equation of state},
  author={Soave, G.},
  journal={Chemical Engineering Science},
  volume={27},
  pages={1197-1203},
  year={1971},
  publisher={Pergamon Press}
}

@article{article,
author = {Cismondi, Martín and Mollerup, Jørgen},
year = {2005},
month = {05},
pages = {74-89},
title = {Development and application of a three-parameter RK–PR equation of state},
volume = {232},
journal = {Fluid Phase Equilibria},
doi = {10.1016/j.fluid.2005.03.020}
}

@article{Chaparro2020Phasepy,
  title={A Python based framework for fluid phase equilibria and interfacial properties computation},
  author={Chaparro, G. and Mejía, A.},
  journal={Journal of Computational Chemistry},
  pages={1-23},
  year={2020},
  publisher={Wiley}
}

@book{Span2000,
    title={Multiparameter Equations of State},
    author={Roland Span},
    doi={https://doi.org/10.1007/978-3-662-04092-8},
    year={2000}
}

@book{Elliot2012,
    title={Introductory Chemical Engineering Thermodynamics},
    author={J. Richard Elliot and Carl T. Lira},
    year={2012},
}

@misc{fowler2006CI,
  title={Continuous integration},
  author={Fowler, Martin and Foemmel, Matthew},
  year={2006}
}
